

@Misc{loremIpsum,
	key = {lorem ipsum},
	url = {http://la.wikisource.org/wiki/Lorem_ipsum},
	year      = {2000}
}
--------------------------------------------------
Graph Theory
--------------------------------------------------
@book{Diestel2000,
	author    = {Diestel, Reinhard},
	title     = {{Graph Theory, Electronic Edition 2005}},
	publisher = {Springer-Verlag New York},
	volume    = {173},
	Series    = {Graduate Texts in Mathematics},
	year      = {2005}
}

--------------------------------------------------
Complexity
--------------------------------------------------
@article{Sahni1974,
	author = {Sahni, Sartaj},
	title = {{Computationally Related Problems}},
	journal = {SIAM J. Comput},
	pages = {262--279},
	volume = {3(4)},
	year = {1974}
}

@book{Aho_Ullman,
	author = {A. V. Aho and J. E. Hopcroft and J. D. Ullman},
	title = {The Design and Analysis of Computer Algorithms},
	publisher = {Addison-Wesley Publishing Company},
	year = 1974
}

@book{Garey_NPComplet,
	author = {Garey, Michael R. and Johnson, David S.},
	title = {Computers and Intractability: A Guide to the Theory of NP-Completeness},
	year = {1979},
	publisher = {W. H. Freeman \& Co.}
}

@book{Reingold,
 author = {Reingold, Edward M. and Nievergelt, Jurg and Deo, Narsingh},
 title = {Combinatorial Algorithms: Theory and Practice},
 year = {1977},
 publisher = {Prentice Hall College Div}
}

--------------------------------------------------
Exact Graph Matching   
--------------------------------------------------
@article{Ullmann,
	author = {Ullmann, J. R.},
	title = {An Algorithm for Subgraph Isomorphism},
	journal = {J. ACM},
	volume = {23},
	number = {1},
	year = {1976},
	pages = {31--42},
	publisher = {ACM},
} 

@inproceedings{Hopcroft_Wong,
	author = {Hopcroft, J. E. and Wong, J. K.},
	title = {Linear Time Algorithm for Isomorphism of Planar Graphs (Preliminary Report)},
	booktitle = {Proceedings of the Sixth Annual ACM Symposium on Theory of Computing},
	series = {STOC '74},
	year = {1974},
	pages = {172--184},
	publisher = {ACM}
} 

@inproceedings{Lee2013,
	author = {Lee, Jinsoo and Han, Wook-Shin and Kasperovics, Romans and Lee, Jeong-Hoon},
	title = {An in-depth comparison of subgraph isomorphism algorithms in graph databases},
	booktitle = {Proceedings of the 39th international conference on Very Large Data Bases},
	series = {PVLDB'13},
	year = {2013},
	pages = {133--144},
	publisher = {VLDB Endowment}
}

@article{Messmer1999,
	author = {Messmer, B.T. and Bunke, H.},
	title = {{A decision tree approach to graph and subgraph isomorphism detection}},
	journal = {Pattern Recognition},
	number = {12},
	pages = {1979--1998},
	volume = {32},
	year = {1999}
}

@inproceedings{Shearer1998,
	author = {Shearer, K. and Bunke, H. and Venkatesh, S. and Kieronska, D.},
	title = {{Efficient graph matching for video indexing}},
	booktitle = {Graph based representations in pattern recognition},
	series = {Computing supplementum},
	year = {1998},
	pages = {53--62},
	publisher = {Springer-Verlag}
}   

@article{Shearer2001,
	author = {Shearer, K. and Bunke, H. and Venkatesh, S},
	title = {{Video sequence matching via decision tree path following}},
	journal = {Pattern recognition letters},
	year = {2001},
	pages = {479--492},
	publisher = {Elsevier BV}
} 

@article{McKay,
	author    = {McKay, Brendan D. and 	Piperno, Adolfo},
	title     = {Practical graph isomorphism, {II}},
	journal   = {CoRR},
	year      = {2013},
	url       = {http://arxiv.org/abs/1301.1493},
	timestamp = {Fri, 01 Feb 2013 13:30:47 +0100},
}

--------------------------------------------------
Inexact Graph Matching
--------------------------------------------------

--------------------------------------------------
QAP
--------------------------------------------------
@incollection{Burkard98thequadratic,
  author      = {Burkard, R.~E. and \c{C}ela, E. and Pardalos, P.~M. and Pitsoulis, L.},
  title       = {The quadratic assignment problem},
  editor      = {Pardalos, P.~M. and Du, D.-Z},
  booktitle   = {Handbook of Combinatorial Optimization},
  publisher   = {Kluwer Academic Publisher},
  pages       = {241-338},
  year        =  {1998}
}

@techreport{Koopman_Backman,
	author = {Koopmans, Tjalling and Beckmann, Martin J.},
	title = {Assignment Problems and the Location of Economic Activities},
	year = {1955},
	institution = {Cowles Foundation for Research in Economics, Yale University},
	type = {Cowles Foundation Discussion Papers},
	number = {4}
}

@misc{Vogelstein_BrainGraphs,
	author = {Vogelstein, J.~T. and Conroy, J.~M. and Podrazik, L.~J. and Kratzer, S.~G and Harley, E.~T. and Fishkind, D.~E. and Vogelstein, R.~J. and Priebe, C.~E.},
	title = {{Large (Brain) Graph Matching via Fast Approximate Quadratic Programming}},
	jornal = {arXiv preprint arXiv:1112.5507},
	url = {http://arxiv.org/abs/1112.5507v5},
	year = {2011/14}
}

@misc{FastPFP,
	author = {Lu, Yao and Huang, Kaizhu and Liu, Cheng-Lin},
	title = {A Fast Projected Fixed-Point Algorithm for Large Graph Matching},
	journal = {arXiv preprint  	arXiv:1207.1114},
	url = {http://arxiv.org/abs/1207.1114v3},
	year = 2012
}



--------------------------------------------------
Minsu Cho
--------------------------------------------------

@article{Cho2014_Haystack,
	author = {Cho, Minsu and Duchenne, Olivier},
	title = {{Finding Matches in a Haystack : A Max-Pooling Strategy for Graph Matching in the Presence of Outliers}},
	journal = {The IEEE Conference on Computer Vision and Pattern Recognition (CVPR)},
	year = {2014}
}


@inproceedings{Cho2012_ProgressiveGM,
	author = {Cho, Minsu and Lee, Kyoung Mu},
	title = {{Progressive graph matching: Making a move of graphs via probabilistic voting}},
	booktitle = {The IEEE Conference on Computer Vision and Pattern Recognition (CVPR)},
	series = {CVPR '12},
	year = {2012},
	publisher = {IEEE Computer Society}
}

@article{Cho2010_RRWM,
	author = {Cho, Minsu and Lee, Jungmin and Lee, Kyoung Mu},
	title = {{Reweighted Random Walks for Graph Matching}},
	journal = {ECCV},
	year = {2010}
}

@inproceedings{Cho2009_AgglClustering,
	author = {Cho, Minsu and Lee, Jungmin and Lee, Kyoung Mu},
	title = {{Feature Correspondence and Deformable Object Matching via Agglomerative Correspondence Clustering}},
	booktitle = {The IEEE International Conference on Computer Vision (ICCV)},
	year = {2009}
}

--------------------------------------------------
Rangarajan
--------------------------------------------------

@article{Chui2003,
	author = {Chui, Haili and Rangarajan, Anand},
	title = {{A new point matching algorithm for non-rigid registration}},
	journal = {Computer Vision and Image Understanding},
	pages = {114--141},
	volume = {89},
	year = {2003}
}

@inproceedings{Rangarajan1996_GAGM,
	author = {Chui, Haili and Rangarajan, Anand},
	title = {{A Graduated assignment algorithm for graph matching}},
	booktitle = {IEEE Transactions on Pattern Analysis and Machine Intelligence},
	pages = {377--388},
	volume = {18},
	year = {1996}
}

@inproceedings{Rangarajan96_LagRelax,
	author = {Rangarajan, Anand and Mjolsness, Eric},
	title = {A Lagrangian Relaxation Network for Graph Matching},
	booktitle = {IEEE Trans. Neural Networks},
	year = {1996},
	pages = {4629--4634},
	publisher = {IEEE Press}
}

--------------------------------------------------
Hancock
--------------------------------------------------
@article{Hancock_GM_SpectralPart,
	author    = {Qiu, Huaijun and Hancock, Edwin R.},
	title     = {Graph matching and clustering using spectral partitions},
	journal   = {Pattern Recognition},
	volume    = {39},
	number    = {1},
	pages     = {22--34},
	year      = {2006}
}

@article{Hancock_EnergyFunction,
	author    = {Andrew M. Finch and Richard C. Wilson and 	Edwin R. Hancock},
	title     = {An Energy Function and Continuous Edit Process for Graph Matching},
	journal   = {Neural Computation},
	volume    = {10},
	number    = {7},
	pages     = {1873--1894},
	year      = {1998}
}

@article{Hancock_StrucMatch,
	author    = {Richard C. Wilson and Andrew D. J. Cross and Edwin R. Hancock},
	title     = {Structural Matching with Active Triangulations},
	journal   = {Computer Vision and Image Understanding},
	volume    = {72},
	number    = {1},
	pages     = {21--38},
	year      = {1998},
}

@article{Hancock_EM_SVD,
	author    = {Bin Luo and Edwin R. Hancock},
	title     = {Structural Graph Matching Using the {EM} Algorithm and Singular Value Decomposition},
	journal   = {{IEEE} Trans. Pattern Anal. Mach. Intell.},
	volume    = {23},
	number    = {10},
	pages     = {1120--1136},
	year      = {2001},
}

@article{Hancock_ModalClusters,
	author    = {Marco Carcassoni and
	Edwin R. Hancock},
	title     = {Correspondence Matching with Modal Clusters},
	journal   = {{IEEE} Trans. Pattern Anal. Mach. Intell.},
	volume    = {25},
	number    = {12},
	pages     = {1609--1615},
	year      = {2003}
}
--------------------------------------------------
@article{Kuhn1955,
	author = {Kuhn,~H.~W.},
	title = {{The Hungarian Method for the Assignment Problem}},
	journal = {Naval Research Logistics Quarterlyg},
	pages = {83--97},
	volume = {2},
	year = {1955}
}


@article{Suh_CVPR2015,
	author = {Suh, Yumin and Adamczewski, Kamil and Lee, Kyoung Mu},
	title = {{Subgraph Matching using Compactness Prior for Robust Feature Correspondence}},
	journal = {The IEEE Conference on Computer Vision and Pattern Recognition (CVPR)},
	year = {2015}
}

@inproceedings{CliqueGraph_CVPR2015,
	author = {Nie, Wei-Zhi and Liu, An-An and Gao, Zan and Su, Yu-Ting},
	title = {{Clique-graph Matching by Preserving Global \& Local Structure}},
	booktitle = {The IEEE Conference on Computer Vision and Pattern Recognition (CVPR)},
	year = {2015}
}

@article{Lowe2004,
	author = {Lowe, David G},
	title = {{Distinctive Image Features from}},
	journal = {International Journal of Computer Vision},
	issue = {2},
	pages = {91--110},
	volume = {60},
	year = {2004}
}

@article{Conte2004,
	author = {Conte, D. and Foggia, P. and Sansone, C. and Vento, M.},
	title = {{Thirty Years of Graph Matching in Pattern Recognition}},
	journal = {International Journal of Pattern Recognition and Artificial Intelligence},
	number = {03},
	pages = {265--298},
	volume = {18},
	year = {2004}
}

--------------------------------------------------
Greedy mapping
--------------------------------------------------
@inproceedings{Leordeanu2005,
	author = {Leordeanu, Marius and Hebert, Martial},
	booktitle = {ICCV},
	title = {{A spectral technique for correspondence problems using pairwise constraints}},
	year = {2005}
}

--------------------------------------------------
Graph Partition
--------------------------------------------------

@INPROCEEDINGS{Chevalier09_GP,
	author = {C\'edric Chevalier and Ilya Safro},
	title = {Comparison of coarsening schemes for multilevel graph partitioning},
	booktitle = {Learning and Intelligent Optimization: Third International Conference, LION 3. Selected Papers},
	year = {2009},
	pages = {191--205},
	publisher = {Springer-Verlag}
}

@incollection{Safro2012_GC,
	author    = {Safro, Ilya and Sanders, Peter and Schulz, Christian},
	title     = {Advanced Coarsening Schemes for Graph Partitioning},
	booktitle = {Experimental Algorithms},
	volume    = {7276},
	series    = {Lecture Notes in Computer Science},
	year      = {2012},
	publisher = {Springer Berlin Heidelberg},
	pages     = {369--380}
}

@INPROCEEDINGS{Karypis95_GP,
	author = {George Karypis and Vipin Kumar},
	title = {Multilevel Graph Partitioning Schemes},
	booktitle = {Proc. 24th Intern. Conf. Par. Proc., III},
	year = {1995},
	pages = {113--122},
	publisher = {CRC Press}
}

@inproceedings{Hendrickson1995,
	author = {Hendrickson, B. and Leland, R.},
	title = {{A Multi-Level Algorithm For Partitioning Graphs}},	
	booktitle = {Proceedings of the IEEE/ACM SC95 Conference},
	pages = {1--14},
	year = {1995}
}

--------------------------------------------------
Thesis
--------------------------------------------------
@mastersthesis{Roth2001,
	document_type = {Diploma Thesis},
	author = {Roth, Stefan},
	title = {{Analysis of a Deterministic Annealing Method for Graph Matching and Quadratic Assignment Problems in Computer Vision}},
	school = {University of Mannheim},
	year = {2001}
}

--------------------------------------------------
bag of Features
--------------------------------------------------

--------------------------------------------------
RANSAC
--------------------------------------------------
@article{RANSAC,
	author = {Fischler,~M.~A. and Bolles,~R.~C.},
	title = {{Random Sample Consensus: A Paradigm for Model Fitting with Applications to Image Analysis and Automated Cartography}},
	journal = {Comm. of the ACM,},
	pages = {381--395},
	volume = {24},
	year = {1981}
}                                            

--------------------------------------------------
chi-squared test
--------------------------------------------------
@inproceedings{Weken2004_ChiSqTest,
	author    = {Van der Weken, Dietrich  and Nachtegael, Mike  and Kerre, Etienne},
	title     = {Some New Similarity Measures for Histograms},
	booktitle = {{ICVGIP}},
	pages     = {441--446},
	year      = {2004},
	timestamp = {Wed, 28 Sep 2005 15:08:41 +0200},
	bibsource = {dblp computer science bibliography, http://dblp.org}
}                                                                                        


--------------------------------------------------
Software
--------------------------------------------------
@misc{PMT,
	author = {Piotr Doll\'ar},
	title = {{P}iotr's {C}omputer {V}ision {M}atlab {T}oolbox ({PMT})},
	howpublished = {\url{http://vision.ucsd.edu/~pdollar/toolbox/doc/index.html}},
	year      = {2012}
} 