@book{handbook2004,
 title = {Handbook of Scheduling: Algorithms, Models, and Performance Analysis}, 
 author = {Leung, J.~Y.~T.}, 
 series = {Chapman \& Hall/CRC Computer and Information Science Series},
 publisher = {Taylor \& Francis}, 
 year = {2004}
} 

@book{Pinedo,
 title = {Scheduling: Theory, Algorithms, and Systems}, 
 author = {Pinedo, Michael~L.}, 
 edition = {4th},
 publisher = {Springer}, 
 year = {2012}
} 

@incollection{CPforScheduling,
  author      = {Kanet, J.~J. and Ahire, S.~L. and Groman, M.~F.},
  title       = {Constraint Programming for Scheduling},
  editor      = {Leung, J.~Y.~T.},
  booktitle   = {Handbook of Scheduling: Algorithms, Models, and Performance Analysis},
  publisher   = {Taylor \& Francis},
  year        = {2004},
}

@book{CBScheduling,
 title = {Constraint-Based Scheduling: Applying Constraint Programming to Scheduling Problems}, 
 author = {Philippe Baptiste and Claude Le Pape and Wim Nuijten}, 
 series = {International Series in Operations Research \& Management Science},
 publisher = {Springer US}, 
 year = {2001}
} 

@article{CSP,
Author = {Brailsford, S.~C. and Potts, C.~N. and Smith, B.~M.},
Title = {Constraint satisfaction problems: Algorithms and applications},
Journal = {European Journal of Operation Research},
Pages = {557 - 581},
Volume = {119},
Year = {1999}
}

@article{Jordan,
Author = {Jordan, C. and Drexl, A.},
Title = {A Comparison of Constraint and Mixed-Integer Programming Solvers for Batch Sequencing with Sequence-Dependent Setups},
Journal = {ORSA Journal of Computing},
Pages = {160 - 165},
Volume = {7},
Year = {1995}
}

@article{Nuijten,
Author = {Nuijten, W.~P.~N. and Aarts, E.~H.~L.},
Title = {A Computational Study of Constraint Satisfaction
for Multiple Capacitated Job Shop Scheduling},
Journal = {European Journal of Operation Research},
Pages = {269-284},
Volume = {90},
Year = {1996}
}

@article{WMDD,
Author = {Kanet, J.~J. and Li, X.},
Title = {A Weighted Modified Due Date Rule for Sequencing to Minimize Weighted Tardiness},
Journal = {Journal of Scheduling},
Pages = {261 - 276},
Volume = {7},
Year = {2004}
}

@article{Timetabling,
Author = {Henz, M.},
Title = { Scheduling a major college basketball conference},
Journal = {Operations Research},
Pages  = {163-168},
Volume = {49},
Year = {2002}
}

@article{Timetabling_Trick,
Author = {Nemhauser, G.~L. and Trick, M.~A.},
Title = { Scheduling a major college basketball conference},
Journal = {Operations Research},
Pages  = {1-8},
Volume = {46},
Year = {1998}
}

@misc{OPL,
  title = {ILOG OPL Studio},
  howpublished = {\url{http://www-03.ibm.com/software/products/de/ibmilogcpleoptistud}},
  note = {Accessed: 2014-06-22}
}

@ONLINE{BeamerTheme,
    author 		= "Str{\"o}tgen, Jannik",
    title		= "Beamer Theme",
    journal		= "???",
    publisher	= "???",
    Volume		= "??",
    year 		= 2013,
    url 		= http://dbs.ifi.uni-heidelberg.de/?id=79
}

@book{LadyOrTiger,
 title = {The Lady or the Tiger?: and Other Logic Puzzles, including a mathematical novel that features GÃ¶del's great discovery}, 
 author = {Smullyan, R.}, 
 publisher = {Times Books}, 
 year = {1982}
} 
