
@article{KernelBasedObjectTracking,
Author = {Comaniciu, D. and Ramesh, V. and Meer, P.},
Title = { Kernel-Based Object Tracking},
Journal = {IEEE Computer Society},
Pages  = {564-577},
Volume = {25},
Year = {2003}
}

