% This file was created with JabRef 2.7b.
% Encoding: UTF-8

@ARTICLE{Floyd1962,
  author = {Robert W. Floyd},
  title = {Algorithm 97: shortest path},
  journal = {Comm. SCM 5},
  year = {1962},
  volume = {5},
  pages = {279-281},
  owner = {elias},
  timestamp = {2015.02.19}
}

@ARTICLE{DavidHarel2002,
  author = {David Harel and Yehuda Koren},
  title = {A Fast Multi-Scale Method for Drawing Large Graphs},
  journal = {Journal of Graph Algorithms and Applications},
  year = {2002},
  volume = {6},
  pages = {179.202},
  owner = {elias},
  timestamp = {2015.02.19}
}

@ARTICLE{TomihisaKamada1989,
  author = {Tomihisa Kamada and Satoru Kawai},
  title = {An algorithm for drawing general undirected graphs},
  journal = {Information Processing Letters},
  year = {1989},
  volume = {31},
  pages = {7-15},
  owner = {elias},
  timestamp = {2015.02.19}
}

@incollection{Kobouro,
  author      = "S.~G.~Kobouro",
  title       = "Force-Directed Drawing Algorithms",
  chapter     = "12"
  editor      = "Roberto Tamassia",
  booktitle   = "Handbook of Graph Drawing and Visualization",
  publisher   = "CRC Press",
  year        = 2013,
}

@ARTICLE{HadanyHarel2001,
  author = {Ronny Hadany and David Harel},
  title = {A multi-scale algorithm for drawing graphs nicely},
  journal = {Discrete Apllied Mathematics},
  year = {2001},
  volume = {113},
  pages = {3, 21}
}


@ONLINE{JordiPetit,
    author 		= "Jordi Petit",
    title		= "Minimum Linear Arrangement Problem: instances, codes and results",
    publisher	= " Technical University of Catalonia",
    Volume		= "??",
    year 		= 2015,
    url 		= \url{http://www.cs.upc.edu/~jpetit/MinLA/Experiments/},
    timestamp = {2015.02.19}
}