
--------------------------------------------------
Graph Theory
--------------------------------------------------
@book{Diestel2000,
	author    = {Diestel, Reinhard},
	title     = {{Graph Theory, Electronic Edition 2005}},
	publisher = {Springer-Verlag New York},
	volume    = {173},
	Series    = {Graduate Texts in Mathematics},
	year      = {2005}
}

--------------------------------------------------
Properties of the Kronecker product
--------------------------------------------------
@book{Jain1989,
	author = {Jain, Anil K.},
	title = {Fundamentals of Digital Image Processing},
	year = {1989},
	isbn = {0-13-336165-9},
	publisher = {Prentice-Hall, Inc.},
	address = {Upper Saddle River, NJ, USA},
} 

--------------------------------------------------
Complexity
--------------------------------------------------
@article{Sahni1974,
	author = {Sahni, Sartaj},
	title = {{Computationally Related Problems}},
	journal = {SIAM J. Comput},
	pages = {262--279},
	volume = {3(4)},
	year = {1974}
}

@book{Aho_Ullman,
	author = {A. V. Aho and J. E. Hopcroft and J. D. Ullman},
	title = {The Design and Analysis of Computer Algorithms},
	publisher = {Addison-Wesley Publishing Company},
	year = 1974
}

@book{Garey_NPComplet,
	author = {Garey, Michael R. and Johnson, David S.},
	title = {Computers and Intractability: A Guide to the Theory of NP-Completeness},
	year = {1979},
	publisher = {W. H. Freeman \& Co.}
}

@book{Reingold,
 author = {Reingold, Edward M. and Nievergelt, Jurg and Deo, Narsingh},
 title = {Combinatorial Algorithms: Theory and Practice},
 year = {1977},
 publisher = {Prentice Hall College Div}
}

@article{Schoening_GI,
	author = {Sch\"{o}ning, Uwe},
	title = {{Graph isomorphism is in the low hierarchy}},
	journal = {Journal of Computer and System Sciences},
	number = {3},
	pages = {312--323},
	volume = {37},
	year = {1988}
}

@BOOK{Cormen,
	TITLE = {Introduction To Algorithms},
	AUTHOR = {Cormen, T.~H. and Leiserson, C.~E. and Rivest, R.~L. and Stein, C.},
	YEAR = {2009},
	edition = {3rd},
	PUBLISHER = {MIT Press}
}

--------------------------------------------------
Sinkhorn normalization
--------------------------------------------------
@article{Sinkhorn1964,
	author = {Sinkhorn, Richard},
	title = {{A relationship between arbitrary positive matrices and doubly stochastic matrices}},
	journal = {Annals of Mathematical Statistics},
	number = {2},
	pages = {876----879},
	volume = {35},
	year = {1964}
}

--------------------------------------------------
Power iteration method
--------------------------------------------------
@book{PowerIteration,
	title={Matrix Computations},
	author={Golub, G.H. and Van Loan, C.F.},
	url={http://books.google.de/books?id=mlOa7wPX6OYC},
	note = {Available at \url{http://books.google.de/books?id=mlOa7wPX6OYC}, last access on 28/09/2015},
	year={1996},
	publisher={Johns Hopkins University Press}
}

--------------------------------------------------
Page Ranking
--------------------------------------------------
@techreport{PageRank,
	number = {1999-66},
	month = {November},
	author = {Lawrence Page and Sergey Brin and Rajeev Motwani and Terry Winograd},
	title = {The PageRank Citation Ranking: Bringing Order to the Web.},
	type = {Technical Report},
	publisher = {Stanford InfoLab},
	year = {1999},
	institution = {Stanford InfoLab},
	url = {http://ilpubs.stanford.edu:8090/422/}
}


@article{Langville2003,
	author = {Langville, Amy and Meyer, Carl},
	title = {{Deeper Inside PageRank}},
	journal = {Internet Mathematics},
	number = {3},
	pages = {335--380},
	volume = {1},
	year = {2003}
}


--------------------------------------------------
Exact Graph Matching   
--------------------------------------------------
@article{Ullmann,
	author = {Ullmann, J. R.},
	title = {An Algorithm for Subgraph Isomorphism},
	journal = {J. ACM},
	volume = {23},
	number = {1},
	year = {1976},
	pages = {31--42},
	publisher = {ACM},
} 

@inproceedings{Hopcroft_Wong,
	author = {Hopcroft, J. E. and Wong, J. K.},
	title = {Linear Time Algorithm for Isomorphism of Planar Graphs (Preliminary Report)},
	booktitle = {Proceedings of the Sixth Annual ACM Symposium on Theory of Computing},
	series = {STOC '74},
	year = {1974},
	pages = {172--184},
	publisher = {ACM}
} 

@inproceedings{Lee2013,
	author = {Lee, Jinsoo and Han, Wook-Shin and Kasperovics, Romans and Lee, Jeong-Hoon},
	title = {An in-depth comparison of subgraph isomorphism algorithms in graph databases},
	booktitle = {Proceedings of the 39th international conference on Very Large Data Bases},
	series = {PVLDB'13},
	year = {2013},
	pages = {133--144},
	publisher = {VLDB Endowment}
}

@article{Messmer1999,
	author = {Messmer, B.T. and Bunke, H.},
	title = {{A decision tree approach to graph and subgraph isomorphism detection}},
	journal = {Pattern Recognition},
	number = {12},
	pages = {1979--1998},
	volume = {32},
	year = {1999}
}

@inproceedings{Shearer1998,
	author = {Shearer, K. and Bunke, H. and Venkatesh, S. and Kieronska, D.},
	title = {{Efficient graph matching for video indexing}},
	booktitle = {Graph based representations in pattern recognition},
	series = {Computing supplementum},
	year = {1998},
	pages = {53--62},
	publisher = {Springer-Verlag}
}   

@article{Shearer2001,
	author = {Shearer, K. and Bunke, H. and Venkatesh, S},
	title = {{Video sequence matching via decision tree path following}},
	journal = {Pattern recognition letters},
	year = {2001},
	pages = {479--492},
	publisher = {Elsevier BV}
} 

@article{McKay,
	author    = {McKay, Brendan D.},
	title     = {Practical graph isomorphism},
	journal   = {Congressus Numerantium},
	year      = {1981},
	volume    = {30},
	pages     = {45--87},
	note      = {Available at \url{https://cs.anu.edu.au/people/Brendan.McKay/nauty/pgi.pdf}, last access on 17/10/2015},
}

@article{BronKerbosch,
	author = {Bron, Coen and Kerbosch, Joep},
	title = {{Algorithm 457: finding all cliques of an undirected graph}},
	journal = {Communications of the ACM},
	number = {9},
	pages = {575--577},
	volume = {16},
	year = {1973}
}

--------------------------------------------------
Inexact Graph Matching
--------------------------------------------------

@article{AStar,
	author = {Hart, Peter E. and Nillson, Nils J. and Raphael, Bertram},
	title = {{Formal Basis for the Heuristic Determination of Minimum Cost Path}},
	journal = {IEEE Transactions of Systems Science and Cybernetics},
	number = {2},
	pages = {100--107},
	volume = {4},
	year = {1968}
}


--------------------------------------------------
Graph Edit distance
--------------------------------------------------
@article{Bunke1983_inexactGM,
	author = {Bunke, H and Allermann, G},
	title = {{Inexact graph matching for structural pattern recognition}},
	journal = {Pattern Recognition Letters},
	volume = {1},	
	number = {4},
	pages = {245--253},	
	year = {1983}
}

@incollection{Bunke1998_ErrTolerantGM,
	author = {Bunke, Horst},
	title = {{Error-Tolerant Graph Matching: A Formal Framework and Algorithms}},
	booktitle = {Advances in Pattern Recognition},
	editor = {Amin, Adnan and Dori, Dov and Pudil, Pave and Freeman, Herbert},
	publisher = {Springer Berlin Heidelberg},
	pages = {1--14},
	year = {1998}
}

@article{Bunke1998_graphDist,
	author = {Bunke, Horst and Shearer, Kim},
	title = {{A graph distance metric based on the maximal common subgraph}},
	journal = {Pattern Recognition Letters},
	number = {3-4},
	pages = {255--259},
	title = {{A graph distance metric based on the maximal common subgraph}},
	url = {http://www.sciencedirect.com/science/article/pii/S0167865597001797},
	volume = {19},
	year = {1998}
}

@article{Bunke1999_UnderlyingCosts,
	author = {Bunke, H.},
	title = {{Error correcting graph matching: on the influence of the underlying cost function}},
	journal = {IEEE Transactions on Pattern Analysis and Machine Intelligence},
	number = {9},
	pages = {917--922},
	volume = {21},
	year = {1999}
}


@article{Shapiro1981,
	author = {Shapiro, L G and Haralick, R M},
	title = {{Structural descriptions and inexact matching.}},
	journal = {IEEE transactions on pattern analysis and machine intelligence},
	number = {5},
	pages = {504--519},
	volume = {3},
	year = {1981}
}

@article{Wang1995,
	author = {Wang, Jason T.L. and Zhang, Kaizhong and Chirn, Gung-Wei},
	title = {{Algorithms for approximate graph matching}},
	journal = {Information Sciences},
	number = {1-2},
	pages = {45--74},
	url = {http://www.sciencedirect.com/science/article/pii/002002559400057I},
	volume = {82},
	year = {1995}
}

@article{Llados2001,
	author = {Llad\'{o}s, Josep and Mart\'{\i}, Enric and Villanueva, Juan Jos\'{e}},
	title = {{Symbol recognition by error-tolerant subgraph matching between region adjacency graphs}},
	journal = {IEEE Transactions on Pattern Analysis and Machine Intelligence},
	number = {10},
	pages = {1137--1143},
	volume = {23},
	year = {2001}
}

@article{Fu1979,
	author = {Tsai, Wen-Hsiang and Fu, King-Sun},
	title = {{Error-Correcting Isomorphisms of Attributed Relational Graphs for Pattern Analysis}},
	journal = {IEEE Transactions on Systems, Man, and Cybernetics},
	number = {12},
	pages = {757--768},
	volume = {9},
	year = {1979}
}


--------------------------------------------------
QAP
--------------------------------------------------
@incollection{Burkard98thequadratic,
  author      = {Burkard, R.~E. and \c{C}ela, E. and Pardalos, P.~M. and Pitsoulis, L.},
  title       = {The quadratic assignment problem},
  editor      = {Pardalos, P.~M. and Du, D.-Z},
  booktitle   = {Handbook of Combinatorial Optimization},
  publisher   = {Kluwer Academic Publisher},
  pages       = {241-338},
  year        =  {1998}
}

@techreport{Koopman_Backman,
	author = {Koopmans, Tjalling and Beckmann, Martin J.},
	title = {Assignment Problems and the Location of Economic Activities},
	year = {1955},
	institution = {Cowles Foundation for Research in Economics, Yale University},
	type = {Cowles Foundation Discussion Papers},
	number = {4}
}

@misc{FastPFP,
	author = {Lu, Yao and Huang, Kaizhu and Liu, Cheng-Lin},
	title = {A Fast Projected Fixed-Point Algorithm for Large Graph Matching},
	journal = {arXiv preprint  	arXiv:1207.1114},
	note = {Available at \url{http://arxiv.org/abs/1207.1114v3}, last access on 17/10/2015},
	year = 2012
}

--------------------------------------------------
Relaxation LAbeling
--------------------------------------------------

@article{Rosenfeld1976,
	author = {Rosenfeld, Azriel and Hummel, Robert a. and Zucker, Steven W.},
	title = {{Scene Labeling by Relaxation Operations}},
	journal = {IEEE Transactions on Systems, Man, and Cybernetics},
	number = {6},
	pages = {420--433},
	volume = {6},
	year = {1976}
}

@article{Fischler1973,
	author = {Fischler, M.a. and Elschlager, R.a.},
	title = {{The Representation and Matching of Pictorial Structures}},
	journal = {IEEE Transactions on Computers},
	number = {1},
	pages = {67--92},
	volume = {22},
	year = {1973}
}

@article{Christmas1995,
	author = {Christmas, William.~J. and Kittler, Josef and Petrou, Maria},
	title = {{Structural Matching in Computer Vision Using Probabilistic Relaxation}},
	journal = {IEEE Transactions on Pattern Analysis and Machine Intelligence},
	number = {8},
	pages = {749--764},
	volume = {17},
	year = {1995}
}

--------------------------------------------------
Minsu Cho
--------------------------------------------------

@article{Cho2014_Haystack,
	author = {Cho, Minsu and Sun, Jian and Duchenne, Olivier and Ponce, Jean},
	title = {{Finding Matches in a Haystack : A Max-Pooling Strategy for Graph Matching in the Presence of Outliers}},
	journal = {The IEEE Conference on Computer Vision and Pattern Recognition (CVPR)},
	year = {2014}
}


@inproceedings{Cho2012_ProgressiveGM,
	author = {Cho, Minsu and Lee, Kyoung Mu},
	title = {{Progressive graph matching: Making a move of graphs via probabilistic voting}},
	booktitle = {The IEEE Conference on Computer Vision and Pattern Recognition (CVPR)},
	series = {CVPR '12},
	year = {2012},
	publisher = {IEEE Computer Society}
}

@article{Cho2010_RRWM,
	author = {Cho, Minsu and Lee, Jungmin and Lee, Kyoung Mu},
	title = {{Reweighted Random Walks for Graph Matching}},
	journal = {ECCV},
	year = {2010}
}

@inproceedings{Cho2009_AgglClustering,
	author = {Cho, Minsu and Lee, Jungmin and Lee, Kyoung Mu},
	title = {{Feature Correspondence and Deformable Object Matching via Agglomerative Correspondence Clustering}},
	booktitle = {The IEEE International Conference on Computer Vision (ICCV)},
	year = {2009}
}

--------------------------------------------------
Rangarajan
--------------------------------------------------

Soft-assign


@article{Chui2003,
	author = {Chui, Haili and Rangarajan, Anand},
	title = {{A new point matching algorithm for non-rigid registration}},
	journal = {Computer Vision and Image Understanding},
	pages = {114--141},
	volume = {89},
	year = {2003}
}

@inproceedings{Rangarajan1996_GAGM,
	author = {Gold, S. and Rangarajan, Anand},
	title = {{A Graduated assignment algorithm for graph matching}},
	booktitle = {IEEE Transactions on Pattern Analysis and Machine Intelligence},
	pages = {377--388},
	volume = {18},
	year = {1996}
}

@inproceedings{Rangarajan96_LagRelax,
	author = {Rangarajan, Anand and Mjolsness, Eric},
	title = {A Lagrangian Relaxation Network for Graph Matching},
	booktitle = {IEEE Trans. Neural Networks},
	year = {1996},
	pages = {4629--4634},
	publisher = {IEEE Press}
}

--------------------------------------------------
Hancock
--------------------------------------------------
@article{Hancock_GM_SpectralPart,
	author    = {Qiu, Huaijun and Hancock, Edwin R.},
	title     = {Graph matching and clustering using spectral partitions},
	journal   = {Pattern Recognition},
	volume    = {39},
	number    = {1},
	pages     = {22--34},
	year      = {2006}
}

@article{Hancock_EnergyFunction,
	author    = {Andrew M. Finch and Richard C. Wilson and 	Edwin R. Hancock},
	title     = {An Energy Function and Continuous Edit Process for Graph Matching},
	journal   = {Neural Computation},
	volume    = {10},
	number    = {7},
	pages     = {1873--1894},
	year      = {1998}
}

@article{Hancock_StrucMatch,
	author    = {Richard C. Wilson and Andrew D. J. Cross and Edwin R. Hancock},
	title     = {Structural Matching with Active Triangulations},
	journal   = {Computer Vision and Image Understanding},
	volume    = {72},
	number    = {1},
	pages     = {21--38},
	year      = {1998},
}

@article{Hancock_EM_SVD,
	author    = {Bin Luo and Edwin R. Hancock},
	title     = {Structural Graph Matching Using the {EM} Algorithm and Singular Value Decomposition},
	journal   = {{IEEE} Trans. Pattern Anal. Mach. Intell.},
	volume    = {23},
	number    = {10},
	pages     = {1120--1136},
	year      = {2001},
}

@article{Hancock_ModalClusters,
	author    = {Marco Carcassoni and Edwin R. Hancock},
	title     = {Correspondence Matching with Modal Clusters},
	journal   = {{IEEE} Trans. Pattern Anal. Mach. Intell.},
	volume    = {25},
	number    = {12},
	pages     = {1609--1615},
	year      = {2003}
}

@article{Hancock_Kittler,
	author    = {Kittler, J. and Hancock, E.~R.},
	title     = {International Journal of Pattern Recognition and Artificial Intelligence},
	journal   = {{IEEE} Trans. Pattern Anal. Mach. Intell.},
	volume    = {3},
	number    = {1},
	pages     = {29--51},
	year      = {1989}
}

--------------------------------------------------
EM
--------------------------------------------------

@article{EM_Dempster1977,
	author    = {Dempster, A.~P. and Laird, N.~M. and Rubin, D.~B.},
	title     = {{Maximum Likelihood from Incomplete Data via the EM Algorithm}},
	journal   = {Journal of the Royal Statistical Society. Series B (Methodological)},
	volume    = {39},
	number    = {1},
	pages     = {1--38},
	year      = {1977}
}

@article{Sanrom2012,
	author = {Sanrom\`{a}, Gerard and Alqu\'{e}zar, Ren\'{e} and Serratosa, Francesc},
	title = {{A new graph matching method for point-set correspondence using the EM algorithm and Softassign}},
	journal = {Computer Vision and Image Understanding},
	pages = {292--304},
	volume = {116},
	year = {2012}
}

@inproceedings{Armiti2014,
	 author = {Armiti, Ayser and Gertz, Michael},
	 title = {Geometric Graph Matching and Similarity: A Probabilistic Approach},
	 booktitle = {Proceedings of the 26th International Conference on Scientific and Statistical Database Management},
	 series = {SSDBM '14},
	 year = {2014},
	 pages = {27:1--27:12},
	 url = {http://doi.acm.org/10.1145/2618243.2618259},
	 publisher = {ACM},
	 address = {New York, NY, USA},
	 keywords = {graph matching, mixture model, vertex similarity},
} 

--------------------------------------------------
GLAG
--------------------------------------------------
@article{Fiori2013_GLAG,
author = {Fiori, Marcelo and Sprechmann, Pablo and Vogelstein, Joshua and Muse, Pablo and Sapiro, Guillermo},
title = {{Robust Multimodal Graph Matching: Sparse Coding Meets Graph Matching}},
journal = {Advances in Neural Information Processing Systems},
number = {1},
pages = {127--135},
url = {http://papers.nips.cc/paper/4925-robust-multimodal-graph-matching-sparse-coding-meets-graph-matching},
year = {2013}
}


--------------------------------------------------
Schnoerr
--------------------------------------------------
@article{Schellewald2005,
	author = {Schellewald, Christian and Schn\"{o}rr, Christoph},
	title = {{Probabilistic subgraph matching based on convex relaxation}},
	journal = {Lecture Notes in Computer Science (including subseries Lecture Notes in Artificial Intelligence and Lecture Notes in Bioinformatics)},
	pages = {171--186},
	volume = {3757 LNCS},
	year = {2005}
}

@inproceedings{Cour2006,
	author = {Cour, Timothee and Srinivasan, Praveen and Shi, Jianbo},
	title = {{Balanced graph matching}},
	booktitle = {Advances in Neural Information Processing Systems (NIPS)},
	pages = {313--320},
	year = {2006}
}

--------------------------------------------------
Clustering
--------------------------------------------------
@Misc{Intro2inforRetrieval,
	author = {Manning, Christopher~D. and Raghavan, Prabhakar and Schütze, Hinrich},
	title = {{Introduction to Information Retrieval}},
	howpublished = {\url{http://www-nlp.stanford.edu/IR-book/}},
	note = "[Online; accessed 24.09.2015]"
	year      = {2008}
}

@article{Fiedler1975,
	author = {Fiedler, Miroslav},
	title = {{A property of eigenvectors of nonnegative symmetric matrices and its application to graph theory}},
	journal = {Czechoslovak Mathematical Journal},
	number = {4},
	pages = {619----633},
	volume = {25},
	year = {1975}
}

--------------------------------------------------
Coherent Point Drift
--------------------------------------------------

@article{Myronenko2009_CPD,
	author = {Myronenko, Andriy and Song, Xubo},
	title = {{Point-Set Registration: Coherent Point Drift}},
	journal   = {CoRR},
	volume    = {abs/0905.2635},
	year      = {2009},
	timestamp = {Mon, 05 Dec 2011 18:05:03 +0100}
}

--------------------------------------------------
Spectral Matching
--------------------------------------------------
@article{Umeyam1988,
	author = {Umeyam, Shinji},
	title = {{An Eigendecomposition Approach to Weighted Graph Matching Problems}},
	journal = {IEEE Transactions on Pattern Analysis and Machine Intelligence},
	volume = {10},
	year = {1988}
}

@article{Duchenne2011,
	author = {Duchenne, Olivier and Bach, Francis and Kweon, In-so and Ponce, Jean},
	title = {{A Tensor-Based Algorithm for High-Order Graph Matching}},
	journal = {IEEE Transactions on Pattern Analysis and Machine Intelligence},
	number = {12},
	pages = {2383--2395},
	volume = {33},
	year = {2011}
}


@article{Lyzinski2015,
	author = {Lyzinski, Vince and Sussman, Daniel L and Fishkind, Donniell E and Pao, Henry and Chen, Li and Vogelstein, Joshua T and Park, Youngser and Priebe, Carey E},
	title = {{Spectral Clustering for Divide-and-Conquer Graph Matching}},
	jornal = {arXiv preprint arXiv:1310.1297v5},
	note = {Available at \url{http://arxiv.org/abs/1310.1297v5}, last access on 17/10/2015},
	year = {2011/14}
}



--------------------------------------------------
@article{Kuhn1955,
	author = {Kuhn,~H.~W.},
	title = {{The Hungarian Method for the Assignment Problem}},
	journal = {Naval Research Logistics Quarterlyg},
	pages = {83--97},
	volume = {2},
	year = {1955}
}


@article{Suh_CVPR2015,
	author = {Suh, Yumin and Adamczewski, Kamil and Lee, Kyoung Mu},
	title = {{Subgraph Matching using Compactness Prior for Robust Feature Correspondence}},
	journal = {The IEEE Conference on Computer Vision and Pattern Recognition (CVPR)},
	year = {2015}
}

@inproceedings{CliqueGraph_CVPR2015,
	author = {Nie, Wei-Zhi and Liu, An-An and Gao, Zan and Su, Yu-Ting},
	title = {{Clique-graph Matching by Preserving Global \& Local Structure}},
	booktitle = {The IEEE Conference on Computer Vision and Pattern Recognition (CVPR)},
	year = {2015}
}

SIFT
@article{Lowe2004,
	author = {Lowe, David G},
	title = {{Distinctive Image Features from Scale-Invariant Keypoints}},
	journal = {International Journal of Computer Vision},
	issue = {2},
	pages = {91--110},
	volume = {60},
	year = {2004}
}
MSER
@article{MSER,
	title = "Robust wide-baseline stereo from maximally stable extremal regions ",
	journal = "Image and Vision Computing ",
	volume = "22",
	number = "10",
	pages = "761 - 767",
	year = "2004",
	note = "British Machine Vision Computing 2002 ",
	author = "J Matas and O Chum and M Urban and T Pajdla"
}

@article{Conte2004,
	author = {Conte, D. and Foggia, P. and Sansone, C. and Vento, M.},
	title = {{Thirty Years of Graph Matching in Pattern Recognition}},
	journal = {International Journal of Pattern Recognition and Artificial Intelligence},
	number = {03},
	pages = {265--298},
	volume = {18},
	year = {2004}
}

--------------------------------------------------
Greedy mapping
--------------------------------------------------
@inproceedings{Leordeanu2005_SM,
	author = {Leordeanu, Marius and Hebert, Martial},
	booktitle = {ICCV},
	title = {{A spectral technique for correspondence problems using pairwise constraints}},
	year = {2005}
}

@inproceedings{Leordeanu2009_IPFP,
	author = {Leordeanu, Marius and Hebert, Martial and Sukthankar, Rahul and Herbert, Martial},
	booktitle = {NIPS},
	title = {{An Integer Projected Fixed Point Method for Graph Matching and MAP Inference}},
	year = {2009}
}

@article{Wolfe1956,
	author = {Frank, Marguerite and Wolfe, Philip},
	title = {An algorithm for quadratic programming},
	journal = {Naval Research Logistics Quarterly},
	volume = {3},
	number = {1-2},
	publisher = {Wiley Subscription Services, Inc., A Wiley Company},
	pages = {95--110},
	year = {1956}
}

@misc{Vogelstein_BrainGraphs,
	author = {Vogelstein, J.~T. and Conroy, J.~M. and Podrazik, L.~J. and Kratzer, S.~G and Harley, E.~T. and Fishkind, D.~E. and Vogelstein, R.~J. and Priebe, C.~E.},
	title = {{Large (Brain) Graph Matching via Fast Approximate Quadratic Programming}},
	jornal = {arXiv preprint arXiv:1112.5507},
	note = {Available at \url{http://arxiv.org/abs/1112.5507v5}, last access on 17/10/2015},
	year = {2011/14}
}

@article{Zazlavskiy2008_PATH,
	author={Zaslavskiy, Mikhail and Bach, Francis and Vert, Jean-Philippe},
	title={{A Path Following Algorithm for the Graph Matching Problem}},
	journal={Pattern Analysis and Machine Intelligence, IEEE Transactions on}, 
	volume={31},
	number={12}, 
	pages={2227-2242}, 
	year={2009},
}
--------------------------------------------------
Graph Partition
--------------------------------------------------

@INPROCEEDINGS{Chevalier09_GP,
	author = {C\'edric Chevalier and Ilya Safro},
	title = {Comparison of coarsening schemes for multilevel graph partitioning},
	booktitle = {Learning and Intelligent Optimization: Third International Conference, LION 3. Selected Papers},
	year = {2009},
	pages = {191--205},
	publisher = {Springer-Verlag}
}

@incollection{Safro2012_GC,
	author    = {Safro, Ilya and Sanders, Peter and Schulz, Christian},
	title     = {Advanced Coarsening Schemes for Graph Partitioning},
	booktitle = {Experimental Algorithms},
	volume    = {7276},
	series    = {Lecture Notes in Computer Science},
	year      = {2012},
	publisher = {Springer Berlin Heidelberg},
	pages     = {369--380}
}

@INPROCEEDINGS{Karypis95_GP,
	author = {George Karypis and Vipin Kumar},
	title = {Multilevel Graph Partitioning Schemes},
	booktitle = {Proc. 24th Intern. Conf. Par. Proc., III},
	year = {1995},
	pages = {113--122},
	publisher = {CRC Press}
}

@inproceedings{Hendrickson1995,
	author = {Hendrickson, B. and Leland, R.},
	title = {{A Multi-Level Algorithm For Partitioning Graphs}},	
	booktitle = {Proceedings of the IEEE/ACM SC95 Conference},
	pages = {1--14},
	year = {1995}
}

--------------------------------------------------
Thesis
--------------------------------------------------
@mastersthesis{Roth2001,
	document_type = {Diploma Thesis},
	author = {Roth, Stefan},
	title = {{Analysis of a Deterministic Annealing Method for Graph Matching and Quadratic Assignment Problems in Computer Vision}},
	school = {University of Mannheim},
	year = {2001}
}

@phdhesis{Zaslavskiy2010,
	document_type = {PhD Thesis},
	author = {Zaslavskiy, Mikhail},
	title = {{Graph matching and its application in computer vision and bioinformatics}},
	school = {Paris Institute of technology},
	year = {2010}
}


--------------------------------------------------
Bag of Features
--------------------------------------------------
@article{BoF_Leung2001,
author = {Leung, Thomas and Malik, Jitendra},
title = {{Representing and recognizing the visual appearance of materials using three-dimensional textons}},
journal = {International Journal of Computer Vision},
number = {1},
pages = {29--44},
pmid = {21126719},
volume = {43},
year = {2001}
}

--------------------------------------------------
Simulated Annealing
--------------------------------------------------
@inproceedings{Herault1990_SimulatedAnnealing,
	author = {H'erault, L. and Horaud, R. and Veillon, F. and Niez, J.},
	booktitle = {Procedings of the British Machine Vision Conference},
	pages = {319--324},
	title = {{Symbolic image matching by simulated annealing}},
	year = {1990}
}

@article{Metropolis,
	author = {Metropolis, Nicholas and Rosenbluth, Arianna W. and Rosenbluth, Marshall N. and Teller, Augusta H. and Teller, Edward},
	title = {{Equation of State Calculations by Fast Computing Machines}},
	journal = {Journal of Chemical Physics},
	pages = {1087--1092},
	volume = {21},
	year = {1953}
}   

--------------------------------------------------
Newton Method
--------------------------------------------------
@book{Book_ConvOpt,
 author = {Boyd, Stephen and Vandenberghe, Lieven},
 title = {Convex Optimization},
 year = {2004},
 isbn = {0521833787},
 publisher = {Cambridge University Press},
 address = {New York, NY, USA}
} 


--------------------------------------------------
Deterministic annealing
--------------------------------------------------
@phdtheis{Rose1991_DA,
	document_type = {PhD Thesis},
	author = {Rose, Kenneth},
	title = {{Determenistic annealing, clustering and optimization}},
	school = {California Institute of Technology},
	note = {Available at \url{http://resolver.caltech.edu/CaltechETD:etd-07122007-085228}, last access on 17/10/2015},
	year = {1991}
}

--------------------------------------------------
RANSAC
--------------------------------------------------
@article{RANSAC,
	author = {Fischler,~M.~A. and Bolles,~R.~C.},
	title = {{Random Sample Consensus: A Paradigm for Model Fitting with Applications to Image Analysis and Automated Cartography}},
	journal = {Comm. of the ACM},
	pages = {381--395},
	volume = {24},
	year = {1981}
}                                            

--------------------------------------------------
chi-squared test
--------------------------------------------------
@inproceedings{Weken2004_ChiSqTest,
	author    = {Van der Weken, Dietrich  and Nachtegael, Mike  and Kerre, Etienne},
	title     = {Some New Similarity Measures for Histograms},
	booktitle = {{ICVGIP}},
	pages     = {441--446},
	year      = {2004},
	timestamp = {Wed, 28 Sep 2005 15:08:41 +0200},
	bibsource = {dblp computer science bibliography, http://dblp.org}
}                                                                                        

--------------------------------------------------
cosine similarity
--------------------------------------------------
                    
kmeans clustering                    
--------------------------------------------------
@article{kmeans_LLoyd,
	author = {Lloyd, Stuart P.},
	title = {{Least Squares Quantization in PCM}},
	journal = {IEEE Transactions on Information Theory},
	pages = {129--137},
	volume = {28},
	year = {1982}
}                                            

--------------------------------------------------
Data
--------------------------------------------------

@misc{Oxford_buildings,
	author = {Piotr Doll\'ar},
	title = {{Oxford Building Dataset}},
	howpublished = {\url{http://www.robots.ox.ac.uk/~vgg/data/oxbuildings/}},
	year      = {2012}
} 


@misc{CMUHouse,
	title = {{CMU House Dataset}},
	howpublished = {\url{http://vasc.ri.cmu.edu//idb/html/motion/house/index.html}},
	year      = {2011}
}

@incollection{CMUHouse_GT,
	title = {Solving the multi-way matching problem by permutation synchronization},
	author = {Pachauri, Deepti and Kondor, Risi and Singh, Vikas},
	booktitle = {Advances in Neural Information Processing Systems 26},
	editor = {C.J.C. Burges and L. Bottou and M. Welling and Z. Ghahramani and K.Q. Weinberger},
	pages = {1860--1868},
	year = {2013},
	publisher = {Curran Associates, Inc.},
	url = {http://papers.nips.cc/paper/4987-solving-the-multi-way-matching-problem-by-permutation-synchronization.pdf},
	note = {{Ground truth for the CMU house dataset}}
}

@article{SUN,
	author = {Xiao, J. and Hays, J. and Ehinger, K. and Oliva, A. and Torralba, A.},
	title = {SUN Database: Large-scale Scene Recognition from Abbey to Zoo},
	journal = {IEEE Conference on Computer Vision and Pattern Recognition (CVPR)},
	year = {2010}
}
--------------------------------------------------
Software
--------------------------------------------------
@misc{PMT,
	author = {Piotr Doll\'ar},
	title = {{P}iotr's {C}omputer {V}ision {M}atlab {T}oolbox ({PMT})},
	howpublished = {\url{http://vision.ucsd.edu/~pdollar/toolbox/doc/index.html}},
	year      = {2012}
} 

@misc{code_MPM,
	author = {Cho, Minsu and Sun, Jian and Duchenne, Olivier and Ponce, Jean},
	title = {{MATLAB code for Max-Pooling Graph Matching}},
	howpublished = {\url{http://www.di.ens.fr/willow/research/maxpoolingmatching/}},
	year      = {2014}
}

@misc{code_graphM,
	author = {Zaslavskiy, Mikhail and Bach, Francis and Vert, Jean-Philippe},
	title = {{A path following algorithm for the graph matching problem, GraphM library}},
	howpublished = {\url{http://cbio.ensmp.fr/graphm/}},
	year      = {2011}
}

@misc{code_GLAG,
	author = {Fiori, Marcelo and Sprechmann, Pablo and Vogelstein, Joshua and Muse, Pablo and Sapiro, Guillermo},
	title = {{Robust Multimodal Graph Matching: Sparse Coding Meets Graph Matching, supplemental code}},
	howpublished = {\url{http://www.fing.edu.uy/~mfiori/}},
	year      = {2013}
}