

@inproceedings{Cho_LearningG,
    author 		={Cho, Minsu and Alahari, Karteek and Ponce, Jean},
    title		= {{Learning Graphs to Match}},
    booktitle = {Proceedings of the IEEE International Conference on Computer Vision},
    year 		= {2013},
}
