@article{Cho2014_Haystack,
	author = {Cho, Minsu and Duchenne, Olivier},
	title = {{Finding Matches in a Haystack : A Max-Pooling Strategy for Graph Matching in the Presence of Outliers}},
	journal = {CVPR},
	year = {2014}
}


@article{Cho2012_ProgressiveGM,
	author = {Cho, Minsu and Lee, Kyoung Mu},
	title = {{Progressive graph matching: Making a move of graphs via probabilistic voting}},
	journal = {CVPR},
	year = {2012}
}

@article{Cho2010_RRWM,
	author = {Cho, Minsu and Lee, Jungmin and Lee, Kyoung Mu},
	title = {{Reweighted Random Walks for Graph Matching}},
	journal = {ECCV},
	year = {2010}
}
