
                                            Graph Matching
@article{Cho2014_Haystack,
	author = {Cho, Minsu and Duchenne, Olivier},
	title = {{Finding Matches in a Haystack : A Max-Pooling Strategy for Graph Matching in the Presence of Outliers}},
	journal = {CVPR},
	year = {2014}
}


@article{Cho2012_ProgressiveGM,
	author = {Cho, Minsu and Lee, Kyoung Mu},
	title = {{Progressive graph matching: Making a move of graphs via probabilistic voting}},
	journal = {CVPR},
	year = {2012}
}

@article{Cho2010_RRWM,
	author = {Cho, Minsu and Lee, Jungmin and Lee, Kyoung Mu},
	title = {{Reweighted Random Walks for Graph Matching}},
	journal = {ECCV},
	year = {2010}
}

@article{Chui2003,
	author = {Chui, Haili and Rangarajan, Anand},
	title = {{A new point matching algorithm for non-rigid registration}},
	journal = {Computer Vision and Image Understanding},
    pages = {114--141},
	volume = {89},
	year = {2003}
}

@article{Kuhn1955,
	author = {Kuhn,~H.~W.},
	title = {{The Hungarian Method for the Assignment Problem}},
	journal = {Naval Research Logistics Quarterlyg},
    pages = {83--97},
	volume = {2},
	year = {1955}
}

@article{Sahni1974,
	author = {Sahni, Sartaj},
	title = {{Computationally Related Problems}},
	journal = {SIAM J. Comput},
    pages = {262--279},
	volume = {3(4)},
	year = {1974}
}

@article{Suh_CVPR2015,
	author = {Suh, Yumin and Adamczewski, Kamil and Lee, Kyoung Mu},
	title = {{Subgraph Matching using Compactness Prior for Robust Feature Correspondence}},
	journal = {CVPR},
	year = {2015}
}

@article{Lowe2004,
	author = {Lowe, David G},
	title = {{Distinctive Image Features from}},
	journal = {International Journal of Computer Vision},
	issue = {2},
	pages = {91--110},
	volume = {60},
	year = {2004}
}

@article{Conte2004,
	author = {Conte, D. and Foggia, P. and Sansone, C. and Vento, M.},
	title = {{Thirty Years of Graph Matching in Pattern Recognition}},
	journal = {International Journal of Pattern Recognition and Artificial Intelligence},
	number = {03},
	pages = {265--298},
	volume = {18},
	year = {2004}
}
 
Greedy mapping
@inproceedings{Leordeanu2005,
	author = {Leordeanu, Marius and Hebert, Martial},
	booktitle = {ICCV},
	title = {{A spectral technique for correspondence problems using pairwise constraints}},
	year = {2005}
}


                                            Graph Partition
@INPROCEEDINGS{Chevalier09_GP,
	author = {C\'edric Chevalier and Ilya Safro},
	title = {Comparison of coarsening schemes for multilevel graph partitioning},
	booktitle = {Learning and Intelligent Optimization: Third International Conference, LION 3. Selected Papers},
	year = {2009},
	pages = {191--205},
	publisher = {Springer-Verlag}
}

@incollection{Safro2012_GC,
	author    = {Safro, Ilya and Sanders, Peter and Schulz, Christian},
	title     = {Advanced Coarsening Schemes for Graph Partitioning},
	booktitle = {Experimental Algorithms},
	volume    = {7276},
	series    = {Lecture Notes in Computer Science},
	year      = {2012},
	publisher = {Springer Berlin Heidelberg},
	pages     = {369--380}
}

@INPROCEEDINGS{Karypis95_GP,
	author = {George Karypis and Vipin Kumar},
	title = {Multilevel Graph Partitioning Schemes},
	booktitle = {Proc. 24th Intern. Conf. Par. Proc., III},
	year = {1995},
	pages = {113--122},
	publisher = {CRC Press}
}

@inproceedings{Hendrickson1995,
	author = {Hendrickson, B. and Leland, R.},
	title = {{A Multi-Level Algorithm For Partitioning Graphs}},	
	booktitle = {Proceedings of the IEEE/ACM SC95 Conference},
	pages = {1--14},
	year = {1995}
}

                                            bag of Features

                                            RANSAC
@article{RANSAC,
	author = {Fischler,~M.~A. and Bolles,~R.~C.},
	title = {{Random Sample Consensus: A Paradigm for Model Fitting with Applications to Image Analysis and Automated Cartography}},
	journal = {Comm. of the ACM,},
	pages = {381--395},
	volume = {24},
	year = {1981}
}                                            
                                            
                                            
                                            chi-squared test
@inproceedings{Weken2004_ChiSqTest,
	author    = {Van der Weken, Dietrich  and Nachtegael, Mike  and Kerre, Etienne},
	title     = {Some New Similarity Measures for Histograms},
	booktitle = {{ICVGIP}},
	pages     = {441--446},
	year      = {2004},
	timestamp = {Wed, 28 Sep 2005 15:08:41 +0200},
	bibsource = {dblp computer science bibliography, http://dblp.org}
}                                                                                        
                                            Toolbox
@misc{PMT,
	author = {Piotr Doll\'ar},
	title = {{P}iotr's {C}omputer {V}ision {M}atlab {T}oolbox ({PMT})},
	howpublished = {\url{http://vision.ucsd.edu/~pdollar/toolbox/doc/index.html}}
} 