@article{MinsuCho,
author = {Minsu Cho and Kyoung Mu Lee},
title = {Progressive Graph Matching: Making a Move of Graphs via Probabilistic Voting},
journal = {Proc. Computer Vision and Pattern Recognition (CVPR)},
year = {2012}
}

@article{MinsuChoRRW,
author = {Minsu Cho and Kyoung Mu Lee and Jungmin Lee},
title = {Reweighted Random Walks for Graph Matching},
journal = {European Conference on Computer Vision (ECCV)},
year = {2010}
}
