
@inproceedings{Kleinberg,
    author 		= "Kleinberg, John~M.",
    title		= "Authoritative sources in a hyperlinked environment.",
    booktitle = {Proc. 9th ACM-SIAM Symposium on Discrete Algorithms},
    year 		= 1998,
}

@ONLINE{ZheZhao,
    author 		= "Zhe Zhao",
    title		= "Lecture on {HITS} Algorithm",
    journal		= "???",
    publisher	= "University of Michigan",
    Volume		= "??",
    year 		= 2013,
    url 		= \url{http://web.eecs.umich.edu/~michjc/eecs584/notes/lecture19-kleinberg.pdf}
}


@misc{CLEVER,
  title = {{CLEVER} Project},
  howpublished = {\url{www.en.wikipedia.org/wiki/CLEVER_project}},
  note = {Accessed: 2015-15-01}
}

@misc{AltaVista,
  title = {AltaVista},
  howpublished = {\url{www.de.wikipedia.org/wiki/AltaVista}},
  note = {Accessed: 2015-15-01}
}

@book{PowerIteration,
  title={Matrix Computations},
  author={Golub, G.H. and Van Loan, C.F.},
  url={http://books.google.de/books?id=mlOa7wPX6OYC},
  year={1996},
  publisher={Johns Hopkins University Press}
}

@misc{HITS_Lecture4_Cornell,
  author = {Raluca Tanase and Remus Radu},
  title = {The Mathematics of Web Search, Lecture 4: HITS Algorithm - Hubs and Authorities on the Internet},
  howpublished = {\url{www.math.cornell.edu/~mec/Winter2009/RalucaRemus/Lecture4/lecture4.html}},
  note = {Accessed: 2015-15-01}
}

@misc{CIS,
  title = {The PageRank/HITS algorithms},
  author = {{J}oni {P}ajarinen},
  howpublished = {\url{www.cis.hut.fi/Opinnot/T-61.6020/2008/pagerank_hits.pdf}},
  note = {Accessed: 2015-15-01}
}

@misc{ZheZhao2,
  title = {Authoritative Sources in a Hyperlinked Environment, {J}on {M}. {K}leinberg},
  author = {Zhe Zhao},
  howpublished = {\url{web.eecs.umich.edu/~michjc/eecs584/notes/lecture19-kleinberg.pdf}},
  note = {Accessed: 2015-15-01}
}
@misc{BeamerTheme,
    author 		= "Str{\"o}tgen, Jannik",
    title		= "Beamer Theme",
    howpublished = {\url{http://dbs.ifi.uni-heidelberg.de/fileadmin/Team/jannik/beamerthemeHeidelberg.sty}},
    note = {Accessed: 2015-15-01}
}

@article{Bharat,
author = {Bharat, Krishna and Henzinger, M.~R.},
title = {{Improved Algorithms for Topic Distillation in a Hyperlinked
Environment}},
journal = {Proceedings of the 21st ACM SIGIR Conference on Research and Development in Information Retrieval},
year = {1998},
url={ftp://ftp.hpl.hp.com/pub/dec/SRC/publications/monika/sigir98.pdf},
}


@article{Li,
author = {Li, Longzhuang, Yi Shang, and Wei Zhang},
title = {{Improvement of HITS-based algorithms on web documents}},
journal = {Proceedings of the 11th international conference on World Wide Web. ACM},
year = {2002}
}

@article{Miller,
author = {Miller, J.~C and Rae, G. and Schaefer, F.},
title = {{Modifications of Kleinbergâ€™s HITS Algorithm
			Using Matrix Exponentiation and Web Log Records}},
journal = {Proceedings of the 24th annual international ACM SIGIR conference on 
			Research and development in information retrieva},
year = {2001},
pages = {444-445},
url = {http://www.math.psu.edu/miller/publications/hits_exp.pdf}
}